% Encoding: UTF-8

@Article{Feiguin2007,
  author    = {A. Feiguin and S. Trebst and A. W. W. Ludwig and M. Troyer and A. Kitaev and Z. Wang and M. H. Freedman},
  title     = {{I}nteracting {A}nyons in {T}opological {Q}uantum {L}iquids: {T}he {G}olden {C}hain},
  journal   = {Physical Review Letters},
  year      = {2007},
  volume    = {98},
  number    = {16},
  doi       = {10.1103/physrevlett.98.160409},
  eprint    = {cond-mat/0612341},
  publisher = {American Physical Society ({APS})},
}

@Book{Etingof2015,
  title     = {Tensor {C}ategories},
  publisher = {American Mathematical Society},
  year      = {2015},
  author    = {P. Etingof and S. Gelaki and D. Nikshych and V. Ostrik},
  volume    = {205},
  series    = {Mathematical Surveys and Monographs},
  isbn      = {978-1-4704-2024-6},
  url       = {http://www-math.mit.edu/~etingof/egnobookfinal.pdf},
}

@Article{BBJ19,
  author  = {D. Barter and J. C. Bridgeman and C. Jones},
  title   = {Domain {W}alls in {T}opological {P}hases and the {B}rauer-{P}icard {R}ing for $\mathrm{Vec}(\mathbb{Z}/p\mathbb{Z})$},
  journal = {Communications in Mathematical Physics},
  year    = {2019},
  volume  = {369},
  number  = {3},
  pages   = {1167--1185},
  eprint = {1806.01279},
  doi     = {10.1007/s00220-019-03338-2},
}

@Article{BBJ18,
  author  = {J. C. Bridgeman and D. Barter and C. Jones},
  title   = {{Fusing Binary Interface Defects in Topological Phases: The $\mathrm{Vec}(\mathbb{Z}/p\mathbb{Z})$ case}},
  year    = {2018},
  eprint = {1810.09469},
}

@Article{BB19a,
  author  = {J. C. Bridgeman and D. Barter},
  title   = {{Computing Defects Associated to Bounded Domain Wall Structures: The $\mathrm{Vec}(\mathbb{Z}/p\mathbb{Z})$ case}},
  year    = {2019},
  eprint = {1901.08069},
}

@Article{BB19b,
  author  = {J. C. Bridgeman and D. Barter},
  title   = {{Computing data for Levin-Wen with defects}},
  year    = {2019},
  eprint = {1907.06692},
}

@Unpublished{BBJSkeletal,
  author  = {D. Barter and J. C. Bridgeman and C. Jones},
  title   = {},
  note = {In preparation}
}


@Thesis{Bonderson,
  author  = {P. H. Bonderson},
  title   = {Non-Abelian Anyons and Interferometry},
  url = {https://thesis.library.caltech.edu/2447/2/thesis.pdf},
   year={2007},
    school={{California Institute of Technology}}
}

@Article{BSS08,
  author  = {P. Bonderson and K. Shtengel and J. K. Slingerland},
  title   = {{Interferometry of non-Abelian Anyons}},
  journal = {Annals of Physics},
  year    = {2008},
  volume  = {323},
  number  = {11},
  pages   = {2709-2755},
  eprint = {0707.4206},
  doi     = {10.1016/j.aop.2008.01.012},
}

@Comment{jabref-meta: databaseType:bibtex;}
